@Article{Frakes2005,
 author = {Frakes, William B. and Kang, Kyo},
 title = {Software Reuse Research: Status and Future},
 journal = {IEEE Trans. Softw. Eng.},
 issue_date = {July 2005},
 volume = {31},
 number = {7},
 month = jul,
 year = {2005},
 issn = {0098-5589},
 pages = {529--536},
 numpages = {8},
 doi = {10.1109/TSE.2005.85},
 acmid = {1083997},
 publisher = {IEEE Press},
 address = {Piscataway, NJ, USA},
 keywords = {Index Terms- Software reuse, Index Terms- Software reuse, domain engineering, research, metrics, architectures, generators, finance., architectures, domain engineering, finance., generators, metrics, research},
} 


@InProceedings{Yunwen2000,
  title = {Promoting Reuse with Active Reuse Repository Systems},
  author = {Yunwen Ye and Gerhard Fischer},
  pages = {302--317},
  year = {2000},
  publisher = {Springer-Verlag},
  booktitle = {Proceedings of the 6th International Conerence on Software Reuse: Advances in Software Reusability},
  editor =      {William B. Frakes},
  address =   {London, UK, UK},
  month =       {June},
  ISBN = {3-540-67696-1},
  numpages = {16},
  acmid = {656046},
}

@InProceedings{Grinter2001,
 author = {Grinter, Rebecca E.},
 title = {From Local to Global Coordination: Lessons from Software Reuse},
 booktitle = {Proceedings of the 2001 International ACM SIGGROUP Conference on Supporting Group Work},
 series = {GROUP '01},
 year = {2001},
 isbn = {1-58113-294-8},
 location = {Boulder, Colorado, USA},
 pages = {144--153},
 numpages = {10},
 doi = {10.1145/500286.500309},
 acmid = {500309},
 publisher = {ACM},
 address = {New York, NY, USA},
 keywords = {recomposition, software reuse},
} 

@Book{Naur1969,
  title = {Software Engineering: Report of a Conference Sponsored by the NATO Science Committee, Garmisch, Germany, 7-11 Oct. 1968, Brussels, Scientific Affairs Division, NATO},
  editor = {Naur, Peter and Randell, Brian},
  publisher = "Institute of Physics Publishing and Oxford University
                 Press",
  year = {1969},
}

@book{Jacobson1997,
 author = {Jacobson, Ivar and Griss, Martin and Jonsson, Patrik},
 title = {Software Reuse: Architecture, Process and Organization for Business Success},
 year = {1997},
 isbn = {0-201-92476-5},
 publisher = {ACM Press/Addison-Wesley Publishing Co.},
 address = {New York, NY, USA},
} 

@InProceedings{Cox1999,
 author = {Cox, Anthony and Clarke, Charles and Sim, Susan},
 title = {A Model Independent Source Code Repository},
 booktitle = {Proceedings of the 1999 Conference of the Centre for Advanced Studies on Collaborative Research},
 series = {CASCON '99},
 year = {1999},
 location = {Mississauga, Ontario, Canada},
 pages = {1--},
 acmid = {781996},
 publisher = {IBM Press},
} 

@InCollection{Foukalas2005,
  author = {Fotis Foukalas and Yiorgos Ntarladimas and Aristotelis Glentis and Zachos Boufidis},
  title = {Protocol Reconfiguration Using Component-Based Design},
  booktitle = {Distributed Applications and Interoperable Systems},
  pages = {148-156},
  publisher = {Springer Berlin Heidelberg},
  year = {2005},
  editor = {Kutvonen, Lea and Alonistioti, Nancy},
  volume = {3543},
  series = {Lecture Notes in Computer Science},
  isbn = {978-3-540-26262-6},
}

@MastersThesis{Norton2003a,
  author = {Robert J. Norton},
  title = {Reuse of Personal Software Assets: Theories, Practices, and
Tools},
  year = {2003},
  school = {Florida State University},
}

@InProceedings{Hsieh2006,
 author = {Hsieh, Min-Sheng and Tempero, Ewan},
 title = {Supporting Software Reuse by the Individual Programmer},
 booktitle = {Proceedings of the 29th Australasian Computer Science Conference - Volume 48},
 series = {ACSC '06},
 year = {2006},
 isbn = {1-920682-30-9},
 location = {Hobart, Australia},
 pages = {25--33},
 numpages = {9},
 note = {Available from: \url{http://dl.acm.org/citation.cfm?id=1151699.1151702} [Accessed 2nd December 2015]},
 acmid = {1151702},
 publisher = {Australian Computer Society, Inc.},
 address = {Darlinghurst, Australia, Australia},
 keywords = {case-based reasoning, code reuse, tool support},
} 

@Website{Kumparak2011, 
 author = {Greg Kumparak},
 year = {2011},
 title = {Pastebin Surpasses 10 Million "Active" Pastes},
 howpublished = {Available from: \url{http://techcrunch.com/2011/10/26/pastebin-surpasses-10-million-active-pastes}},
 note = {[Accessed 2nd December 2015]},
}

@Website{Mazzon2006, 
 author = {Jen Mazzon},
 year = {2006},
 title = {Writely so},
 howpublished = {Available from: \url{https://googleblog.blogspot.co.uk/2006/03/writely-so.html}},
 note = {[Accessed 3rd December 2015]},
}
 
@Website{Skerrett2014, 
 author = {Ian Skerrett},
 year = {2014},
 title = {Eclipse Community Survey 2014 Results},
 howpublished = {Available from: \url{https://ianskerrett.wordpress.com/2014/06/23/eclipse-community-survey-2014-results}},
 note = {[Accessed 3rd December 2015]},
}
 
@Website{Markdown2004, 
 author = {John Gruber},
 year = {2004},
 title = {Markdown},
 howpublished = {Available from: \url{https://daringfireball.net/projects/markdown/}},
 note = {[Accessed 4th December 2015]},
}
 
 @article{Krueger1992,
 author = {Krueger, Charles W.},
 title = {Software Reuse},
 journal = {ACM Comput. Surv.},
 issue_date = {June 1992},
 volume = {24},
 number = {2},
 month = jun,
 year = {1992},
 issn = {0360-0300},
 pages = {131--183},
 numpages = {53},
 note = {Available from: \url{http://doi.acm.org/10.1145/130844.130856} [Accessed 3rd December 2015]},
 doi = {10.1145/130844.130856},
 acmid = {130856},
 publisher = {ACM},
 address = {New York, NY, USA},
 keywords = {abstraction, cognitive distance, software reuse},
} 


@InProceedings{Huotari2012,
 author = {Huotari, Kai and Hamari, Juho},
 title = {Defining Gamification: A Service Marketing Perspective},
 booktitle = {Proceeding of the 16th International Academic MindTrek Conference},
 series = {MindTrek '12},
 year = {2012},
 isbn = {978-1-4503-1637-8},
 location = {Tampere, Finland},
 pages = {17--22},
 numpages = {6},
 note = {Available from: \url{http://doi.acm.org/10.1145/2393132.2393137} [Accessed 3rd December 2015]},
 doi = {10.1145/2393132.2393137},
 acmid = {2393137},
 publisher = {ACM},
 address = {New York, NY, USA},
 keywords = {game design, games, gamification, persuasive technologies, service design, service marketing},
}

@Website{Oxfordnd, 
 author = {Oxford-Dictionary},
 year = {n.d.},
 title = {WYSIWYG Definition},
 howpublished = {Available from: \url{https://www.oxforddictionaries.com/definition/english/wysiwyg}},
 note = {[Accessed 4th December 2015]},
}

@book{Cognition1997,
 author = {Daniel Reisberg},
 title = {Cognition},
 year = {1997},
 isbn = {0-393-13840-2},
 publisher = {W. W. Norton \& Company},
} 

@inproceedings{Anjomshoaa2011,
 author = {Anjomshoaa, Amin and Tjoa, A. Min},
 title = {How the Cloud Computing Paradigm Could Shape the Future of Enterprise Information Processing},
 booktitle = {Proceedings of the 13th International Conference on Information Integration and Web-based Applications and Services},
 series = {iiWAS '11},
 year = {2011},
 isbn = {978-1-4503-0784-0},
 location = {Ho Chi Minh City, Vietnam},
 pages = {7--10},
 numpages = {4},
 url = {http://doi.acm.org/10.1145/2095536.2095539},
 doi = {10.1145/2095536.2095539},
 acmid = {2095539},
 publisher = {ACM},
 address = {New York, NY, USA},
 keywords = {cloud computing, cloud engineering},
} 